%YAML 1.1
%TAG !u! tag:unity3d.com,2011:
--- !u!1001 &100100000
Prefab:
  m_ObjectHideFlags: 1
  serializedVersion: 2
  m_Modification:
    m_TransformParent: {fileID: 0}
    m_Modifications: []
    m_RemovedComponents: []
  m_ParentPrefab: {fileID: 0}
  m_RootGameObject: {fileID: 1540465895915030}
  m_IsPrefabParent: 1
--- !u!1 &1540465895915030
GameObject:
  m_ObjectHideFlags: 0
  m_PrefabParentObject: {fileID: 0}
  m_PrefabInternal: {fileID: 100100000}
  serializedVersion: 5
  m_Component:
  - component: {fileID: 4236224223070632}
  - component: {fileID: 33758273057224894}
  - component: {fileID: 23909374308836824}
  - component: {fileID: 65770290151746220}
  - component: {fileID: 114213942694012508}
  m_Layer: 0
  m_Name: QuestionActivator1
  m_TagString: Untagged
  m_Icon: {fileID: 0}
  m_NavMeshLayer: 0
  m_StaticEditorFlags: 4294967295
  m_IsActive: 1
--- !u!4 &4236224223070632
Transform:
  m_ObjectHideFlags: 1
  m_PrefabParentObject: {fileID: 0}
  m_PrefabInternal: {fileID: 100100000}
  m_GameObject: {fileID: 1540465895915030}
  m_LocalRotation: {x: -0, y: 0.6914956, z: -0, w: 0.7223807}
  m_LocalPosition: {x: -105.4, y: 0.5, z: -290}
  m_LocalScale: {x: 1.9066765, y: 1, z: 1}
  m_Children: []
  m_Father: {fileID: 0}
  m_RootOrder: 0
  m_LocalEulerAnglesHint: {x: 0, y: 87.497, z: 0}
--- !u!23 &23909374308836824
MeshRenderer:
  m_ObjectHideFlags: 1
  m_PrefabParentObject: {fileID: 0}
  m_PrefabInternal: {fileID: 100100000}
  m_GameObject: {fileID: 1540465895915030}
  m_Enabled: 1
  m_CastShadows: 1
  m_ReceiveShadows: 1
  m_DynamicOccludee: 1
  m_MotionVectors: 1
  m_LightProbeUsage: 1
  m_ReflectionProbeUsage: 1
  m_RenderingLayerMask: 4294967295
  m_Materials:
  - {fileID: 2100000, guid: 8ecb5816cdcbb42609d479735f170fb1, type: 3}
  m_StaticBatchInfo:
    firstSubMesh: 0
    subMeshCount: 0
  m_StaticBatchRoot: {fileID: 0}
  m_ProbeAnchor: {fileID: 0}
  m_LightProbeVolumeOverride: {fileID: 0}
  m_ScaleInLightmap: 1
  m_PreserveUVs: 0
  m_IgnoreNormalsForChartDetection: 0
  m_ImportantGI: 0
  m_StitchLightmapSeams: 0
  m_SelectedEditorRenderState: 3
  m_MinimumChartSize: 4
  m_AutoUVMaxDistance: 0.5
  m_AutoUVMaxAngle: 89
  m_LightmapParameters: {fileID: 0}
  m_SortingLayerID: 0
  m_SortingLayer: 0
  m_SortingOrder: 0
--- !u!33 &33758273057224894
MeshFilter:
  m_ObjectHideFlags: 1
  m_PrefabParentObject: {fileID: 0}
  m_PrefabInternal: {fileID: 100100000}
  m_GameObject: {fileID: 1540465895915030}
  m_Mesh: {fileID: 4300000, guid: 8ecb5816cdcbb42609d479735f170fb1, type: 3}
--- !u!65 &65770290151746220
BoxCollider:
  m_ObjectHideFlags: 1
  m_PrefabParentObject: {fileID: 0}
  m_PrefabInternal: {fileID: 100100000}
  m_GameObject: {fileID: 1540465895915030}
  m_Material: {fileID: 0}
  m_IsTrigger: 1
  m_Enabled: 1
  serializedVersion: 2
  m_Size: {x: 100, y: 100, z: 25}
  m_Center: {x: 0, y: -0.25, z: 0}
--- !u!114 &114213942694012508
MonoBehaviour:
  m_ObjectHideFlags: 1
  m_PrefabParentObject: {fileID: 0}
  m_PrefabInternal: {fileID: 100100000}
  m_GameObject: {fileID: 1540465895915030}
  m_Enabled: 1
  m_EditorHideFlags: 0
  m_Script: {fileID: 11500000, guid: 20a5057a529924d83a7842a1d7e91a66, type: 3}
  m_Name: 
  m_EditorClassIdentifier: 
  easyQuestions:
  - {fileID: 11400000, guid: 8b64eb5e3809341acad693d6e704e6b1, type: 2}
  - {fileID: 11400000, guid: e4feb8f832cfe41c69d66519c94ee788, type: 2}
  - {fileID: 11400000, guid: 9bc04887e6a114cb4a124c399c880aff, type: 2}
  - {fileID: 11400000, guid: 3a2f158662eae4dd69a9394cf54622bd, type: 2}
  - {fileID: 11400000, guid: dd4b71e6fa54242aaa43299f374bfef2, type: 2}
  - {fileID: 11400000, guid: 9f5eb1915647e4a57b62b5df25e1031c, type: 2}
  - {fileID: 11400000, guid: 96cc28ce20dbd486ca5c3f5feeae9ebe, type: 2}
  - {fileID: 11400000, guid: 813a0221f88dc420b9c9a34aedb6e731, type: 2}
  - {fileID: 11400000, guid: fb73730dfeaf747fb809a5ff29cdff38, type: 2}
  - {fileID: 11400000, guid: 43150b03ef1a9411ab07a95dd42447b5, type: 2}
  - {fileID: 11400000, guid: bf7699bd0735a4057b12ce499c2c8d13, type: 2}
  - {fileID: 11400000, guid: 18498cfdd43894799830e58f1e488045, type: 2}
  - {fileID: 11400000, guid: 3e12f8f4e555d42319008747feca4a1f, type: 2}
  - {fileID: 11400000, guid: 2c7ba370e5b3b4af0bc6820aea925b54, type: 2}
  - {fileID: 11400000, guid: b97d5dec3834c4e1a94e03d81b59f10a, type: 2}
  - {fileID: 11400000, guid: 228de9e986f15494b8cfd6599ce2ec61, type: 2}
  - {fileID: 11400000, guid: 598b6a09c808140e9a86b35b1dfb949b, type: 2}
  - {fileID: 11400000, guid: 13aeebbeb981744bdbc99012f173c298, type: 2}
  - {fileID: 11400000, guid: 0d537d2712ab3440dac3f9e1f0398c4c, type: 2}
  - {fileID: 11400000, guid: aefb8092b551844689025323e9debe0f, type: 2}
  - {fileID: 11400000, guid: 41ac869b0016e4140a8bcf19520c2684, type: 2}
  - {fileID: 11400000, guid: 80b1700a904334ae0bff5011ee0ec3ae, type: 2}
  - {fileID: 11400000, guid: 4eaa35371185d40bfb30980ad1d66b2e, type: 2}
  - {fileID: 11400000, guid: 077a4f8c15e594331bde59131c06f0e8, type: 2}
  - {fileID: 11400000, guid: 28f5accd47055413bb49ca5386dc5258, type: 2}
  - {fileID: 11400000, guid: 340226fd534074e3983fe36cf0714b5a, type: 2}
  - {fileID: 11400000, guid: 3a91063da237c420b86b5a952d290814, type: 2}
  - {fileID: 11400000, guid: f21a0410397884538b8611ebeb995d6d, type: 2}
  - {fileID: 11400000, guid: a43fdfc366da54375a8dcbe6ae0f975d, type: 2}
  - {fileID: 11400000, guid: 5daa391a8fea6480dbc603e8dbde3723, type: 2}
  - {fileID: 11400000, guid: 3b5632470c0004597947d80d60cb1223, type: 2}
  - {fileID: 11400000, guid: a259e373012ee4200800bdf9e21faa17, type: 2}
  - {fileID: 11400000, guid: d37c7c36c79284375a739611ac8c2d72, type: 2}
  - {fileID: 11400000, guid: 25c11f62eb98b43e78a120cda8448e91, type: 2}
  - {fileID: 11400000, guid: 2afaf3dd21f6b4c53827ce20dc954150, type: 2}
  hardQuestions:
  - {fileID: 11400000, guid: 5b35ba258d48f4282893d42404976cd3, type: 2}
  - {fileID: 11400000, guid: afc3e9aa1c1ca4a1ba138dacd238ed43, type: 2}
  - {fileID: 11400000, guid: aa1221041080a45e5b530f39460cb2a6, type: 2}
  - {fileID: 11400000, guid: 209f2687ceeef4e17bd1fe0dd69cbf1d, type: 2}
  - {fileID: 11400000, guid: 7aa3480c42e0440ef8f29d99b0006dd9, type: 2}
  - {fileID: 11400000, guid: a8c7a2a4c2c024c63acda4f70a82fab5, type: 2}
  - {fileID: 11400000, guid: 0636f055ca80441d2b5bad56f7f8807d, type: 2}
  - {fileID: 11400000, guid: 0f477ddfaca9b4a078deb6828eb1f86a, type: 2}
  - {fileID: 11400000, guid: 2db737c8daae74f1ab8e02c35ec860c3, type: 2}
  - {fileID: 11400000, guid: aa59abd8eef904fa1a2cbf22b4e814ab, type: 2}
  - {fileID: 11400000, guid: c1c113e3906e74e7b8e0731742ab1506, type: 2}
  - {fileID: 11400000, guid: aa9a5d97f76564737b9a4211675b7b23, type: 2}
  - {fileID: 11400000, guid: cad137d1e236f4b38b42e9c6d6ea244c, type: 2}
  - {fileID: 11400000, guid: 7a6f38214b5e64da8817c997ffe741a2, type: 2}
  - {fileID: 11400000, guid: 71d0ac85031134ac0a094a206c5e3cfa, type: 2}
  - {fileID: 11400000, guid: bd783fecf2e3945fd9ad1556b2da4fcb, type: 2}
  - {fileID: 11400000, guid: 92cc1e924c1294926a15c7dca780a89b, type: 2}
  - {fileID: 11400000, guid: c11a4ead178bc41f085cdfe115bc9057, type: 2}
  - {fileID: 11400000, guid: b75a3ffe547484a57b5e9b6605cc071a, type: 2}
  - {fileID: 11400000, guid: b92c11f2c1a1141f790ef0981ebb3cae, type: 2}
  - {fileID: 11400000, guid: 361cd420ecfbe4a0480586d5c70edf71, type: 2}
  - {fileID: 11400000, guid: 4bbf31758ef244df9b4dd960166b15d3, type: 2}
  - {fileID: 11400000, guid: 53b2ff5ec1b7c475a825548d245d1bae, type: 2}
  - {fileID: 11400000, guid: 7c07fb72eda404f4e962296240c22626, type: 2}
  - {fileID: 11400000, guid: 5b638fcaebe0048b1a990b565d4aa4a1, type: 2}
  - {fileID: 11400000, guid: 255377429d9e9496a849d2570253540d, type: 2}
  - {fileID: 11400000, guid: 1fb206ead340f4cde823596edf42647e, type: 2}
  - {fileID: 11400000, guid: ca48ff9908e2b4c67b41b7d82b0f8da3, type: 2}
  - {fileID: 11400000, guid: 342b82f2e5b334fba944e03561516f54, type: 2}
  - {fileID: 11400000, guid: ca1d4e8fbd5fe45498a553ca3947bb84, type: 2}
  - {fileID: 11400000, guid: 93b46265e126146bfa32e0c4e82f9c2e, type: 2}
  - {fileID: 11400000, guid: 354a2590281484800b9a077be4d036ea, type: 2}
  - {fileID: 11400000, guid: 9310d556ce07442cdb01ebb6c8e48400, type: 2}
  - {fileID: 11400000, guid: 083f599475286474ebf66f4947cf7c4c, type: 2}
  - {fileID: 11400000, guid: 3c1af774a79074c0aae2d06929373fcc, type: 2}
  - {fileID: 11400000, guid: eb9a469ba620840babfff85e778bd631, type: 2}
  - {fileID: 11400000, guid: 8dea62d251697480789681dfd34b63ed, type: 2}
  - {fileID: 11400000, guid: af49245ba9fa54083ae08c55ed958819, type: 2}
  - {fileID: 11400000, guid: e77cf091d3b414b51b85a2158c17b5c3, type: 2}
  - {fileID: 11400000, guid: 516e738b10ab144fb9a24e39d6c5035a, type: 2}
  - {fileID: 11400000, guid: b1af90af40a044cf587dd318a26cbe40, type: 2}
  - {fileID: 11400000, guid: c9084080d6e344a65ac827aeac48de7c, type: 2}
  - {fileID: 11400000, guid: 98f6fb4d1140d4a1fba6cb96e0ea3cb8, type: 2}
  - {fileID: 11400000, guid: f2ae4df8f9e8945e9a36323fbb2fe15e, type: 2}
  - {fileID: 11400000, guid: 61ade5b705c714e3fb57faa08f230807, type: 2}
  - {fileID: 11400000, guid: 352d5f6e129f3426aae9c003e4f98b18, type: 2}
  - {fileID: 11400000, guid: ca896d45b8213461daf48487198aa91b, type: 2}
  - {fileID: 11400000, guid: 97406bf3961b34ad48759d6a1f4d6d84, type: 2}
  - {fileID: 11400000, guid: f7fa95253c1164d468430f0ddf622dd9, type: 2}
  - {fileID: 11400000, guid: a84a3e6d9b18e45d68a0a906bcf9c107, type: 2}
  - {fileID: 11400000, guid: 7468dc8dde2304a5abd0a2f98b906812, type: 2}
  - {fileID: 11400000, guid: 510d1ccb460284eb1b14878a8caf5eee, type: 2}
  - {fileID: 11400000, guid: b7c826978e345487296d72c4d36267df, type: 2}
  - {fileID: 11400000, guid: 13645a4301ee04426be07aa432027572, type: 2}
  - {fileID: 11400000, guid: e4be1cf08567543928b996c81833461f, type: 2}
  - {fileID: 11400000, guid: 3331dae98215040b9a86acf7b27d66cf, type: 2}
  - {fileID: 11400000, guid: c57084dc6b3e14c63862cc14fb3f5452, type: 2}
  - {fileID: 11400000, guid: fe361db79e6f045e985a58129e99a84b, type: 2}
  - {fileID: 11400000, guid: fcb4224bf142748558ceef573dff1975, type: 2}
  - {fileID: 11400000, guid: 712bbeffe82724dbb8fc70357a4a4b0f, type: 2}
  - {fileID: 11400000, guid: e333a68b77ed340fbbc943a0b8458252, type: 2}
  - {fileID: 11400000, guid: b13f1a04036864730bbacd192bed2fc2, type: 2}
  - {fileID: 11400000, guid: e22d79e4c970b47cca1cee9a28eaf66e, type: 2}
  - {fileID: 11400000, guid: d289bd864c3be4b97a3f147ec231a909, type: 2}
  - {fileID: 11400000, guid: ff061b5a7bfc041648de550b664ab728, type: 2}
  - {fileID: 11400000, guid: 54f39e46f08b44d9da870ebabd25b7ca, type: 2}
  - {fileID: 11400000, guid: 9d3eb6ded2bd14380b68a71773f03932, type: 2}
  - {fileID: 11400000, guid: 8b7700f2e91a84ca2b1e52411e0af812, type: 2}
  - {fileID: 11400000, guid: 992069829480d460aa06f70734e7feda, type: 2}
  - {fileID: 11400000, guid: 5da4171ce90174c12b2e8ffd9d2da7d9, type: 2}
  - {fileID: 11400000, guid: 806f7926abe7c4c6b9d95b294acc698d, type: 2}
  - {fileID: 11400000, guid: 42ea4c256f2b44d69a7e0beff2d923c7, type: 2}
  - {fileID: 11400000, guid: f3d5fc02185024baeb777a6de5d151be, type: 2}
  - {fileID: 11400000, guid: 8d12575c51a2a47f79050e7fc889b19e, type: 2}
  - {fileID: 11400000, guid: 36e35e84c83284cf6ba8822eca544a4e, type: 2}
  - {fileID: 11400000, guid: 1f14f5933bbf14da097ecd363e6cd58c, type: 2}
  - {fileID: 11400000, guid: ddf7e07a3562043b9b73cb839bbed8c5, type: 2}
  - {fileID: 11400000, guid: fa2537129d29b4e57a53f911e2d78256, type: 2}
  - {fileID: 11400000, guid: b18c942115bf643018c7fc4c6e513cbb, type: 2}
  - {fileID: 11400000, guid: c42a68ccad5234c14bff7d79d2f49ed2, type: 2}
  - {fileID: 11400000, guid: dee492424bf284155b2feca0e249e351, type: 2}
  - {fileID: 11400000, guid: 6f4a86960008940eaa0ee7a58dd26423, type: 2}
  - {fileID: 11400000, guid: f6e02bae320aa4ec5a1350b5af615221, type: 2}
  - {fileID: 11400000, guid: 5df69706f4e5f4e7e992032725c62971, type: 2}
  - {fileID: 11400000, guid: 7d14a644c27614179be98a25d331b98e, type: 2}
  - {fileID: 11400000, guid: 878fcc750e85042499077bb053e8dfd8, type: 2}
  - {fileID: 11400000, guid: 3d6c9c3dc26eb45148f0ffc8d0ba4f4a, type: 2}
  - {fileID: 11400000, guid: 450b4ce90eba84915bddf6960c81a624, type: 2}
  - {fileID: 11400000, guid: 0625602c1c75048a5935cc7e4ff7c39c, type: 2}
  - {fileID: 11400000, guid: 0ac5c2de33417447b8fdfaf7d2d69ef3, type: 2}
  - {fileID: 11400000, guid: 88a8c62186f394b49a29bbe0b19f7f12, type: 2}
  - {fileID: 11400000, guid: 39e0a65ef32cd469aac724eee022f2aa, type: 2}
  - {fileID: 11400000, guid: e55189ca965b34c498cfa9f291477bbf, type: 2}
  - {fileID: 11400000, guid: 8d853ffe51e8e48b6ba9d3dfda87f5df, type: 2}
  setup: {fileID: 0}
